@article{stevenson1982formation,
  title={Formation of the giant planets},
  author={Stevenson, David John},
  journal={Planetary and Space Science},
  volume={30},
  number={8},
  pages={755--764},
  year={1982},
  publisher={Elsevier}
}